<record><leader>00000cas a22000007a 4500</leader><controlfield tag="001">29673308</controlfield><controlfield tag="008">940124d1uuu19uupaumr ne      0    0eng d</controlfield><datafield ind1=" " ind2=" " tag="010"><subfield code="a">sn 94057657 </subfield></datafield><datafield ind1=" " ind2=" " tag="040"><subfield code="a">NYS</subfield><subfield code="b">eng</subfield><subfield code="c">NYS</subfield><subfield code="d">OCLCQ</subfield><subfield code="d">OCLCO</subfield></datafield><datafield ind1="1" ind2=" " tag="029"><subfield code="a">AU@</subfield><subfield code="b">000025905197</subfield></datafield><datafield ind1=" " ind2=" " tag="042"><subfield code="a">msc</subfield></datafield><datafield ind1=" " ind2=" " tag="043"><subfield code="a">n-us-pa</subfield></datafield><datafield ind1="0" ind2="0" tag="245"><subfield code="a">Springfield mountaineer.</subfield></datafield><datafield ind1="1" ind2="3" tag="246"><subfield code="a">Mountaineer</subfield></datafield><datafield ind1=" " ind2=" " tag="260"><subfield code="a">Normalville, Fayette Co., Pa. :</subfield><subfield code="b">Geo. W. Campbell</subfield></datafield><datafield ind1=" " ind2=" " tag="300"><subfield code="a">v.</subfield></datafield><datafield ind1=" " ind2=" " tag="310"><subfield code="a">Monthly</subfield></datafield><datafield ind1=" " ind2=" " tag="500"><subfield code="a">"Published the 8th of each month."</subfield></datafield><datafield ind1=" " ind2=" " tag="588"><subfield code="a">Description based on: Vol. 22, whole no. 264 (Jan. 1904).</subfield></datafield><datafield ind1=" " ind2="0" tag="651"><subfield code="a">Normalville (Pa.)</subfield><subfield code="v">Newspapers.</subfield></datafield><datafield ind1=" " ind2="0" tag="651"><subfield code="a">Fayette County (Pa.)</subfield><subfield code="v">Newspapers.</subfield></datafield><datafield ind1=" " ind2=" " tag="752"><subfield code="a">United Stated</subfield><subfield code="b">Pennsylvania</subfield><subfield code="c">Fayette</subfield><subfield code="d">Normalville.</subfield></datafield><datafield ind1=" " ind2=" " tag="936"><subfield code="a">Vol. 22, whole no. 281 (June 1905)</subfield></datafield></record>